@thesis{Tridgell99,
    author = {Tridgell, Andrew},
    title = {Efficient Algorithms for Sorting and Synchronization},
    year = {1999},
    month = {2},
    url = {https://www.samba.org/~tridge/phd_thesis.pdf},
    pages = {49-69}
}

@online{rsync,
    title = {rsync},
    url = {https://rsync.samba.org/},
    urldate = {2021-04-11}
}

@online{wiki_rsync,
    title = {rsync - Wikipedia},
    url = {https://en.wikipedia.org/wiki/Rsync},
    urldate = {2021-04-11}
}

@online{openssl,
    title = {OpenSSL, MD5},
    url = {https://www.openssl.org/docs/man1.1.1/man3/MD5.html},
    urldate = {2021-04-11}
}

@online{proto,
    title = {Protocol Buffers},
    url = {https://developers.google.com/protocol-buffers},
    urldate = {2021-04-11}
}

@online{asio,
    title = {Asio},
    url = {https://think-async.com/Asio/},
    urldate = {2021-04-11}
}
